<record><leader>00000cas a22000007a 4500</leader><controlfield tag="001">22745771</controlfield><controlfield tag="008">901128d19571962mauwr ne      0    0eng d</controlfield><datafield ind1=" " ind2=" " tag="010"><subfield code="a">sn 89063374 </subfield></datafield><datafield ind1=" " ind2=" " tag="040"><subfield code="a">MGN</subfield><subfield code="b">eng</subfield><subfield code="c">MGN</subfield><subfield code="d">OCLCQ</subfield></datafield><datafield ind1=" " ind2=" " tag="042"><subfield code="a">msc</subfield></datafield><datafield ind1="0" ind2=" " tag="130"><subfield code="a">Merrimack Valley advertiser (Lowell, Mass.)</subfield></datafield><datafield ind1="1" ind2="4" tag="245"><subfield code="a">The Merrimack Valley advertiser.</subfield></datafield><datafield ind1="1" ind2="7" tag="246"><subfield code="a">Times-advertiser</subfield><subfield code="f">Jan. 4, 1962</subfield></datafield><datafield ind1=" " ind2=" " tag="260"><subfield code="a">Lowell, Mass. :</subfield><subfield code="b">Merrimack Valley Pub. Co.</subfield></datafield><datafield ind1=" " ind2=" " tag="300"><subfield code="a">v.</subfield></datafield><datafield ind1=" " ind2=" " tag="310"><subfield code="a">Weekly</subfield></datafield><datafield ind1="0" ind2=" " tag="362"><subfield code="a">Vol. 1, no. 1 (Mar. 21, 1957)-v. 6, no. 12 (Jan. 4, 1962).</subfield></datafield><datafield ind1=" " ind2=" " tag="500"><subfield code="a">Published in Tewksbury, Mass., May 16, 1957-1962.</subfield></datafield><datafield ind1=" " ind2=" " tag="752"><subfield code="a">United States</subfield><subfield code="b">Massachusetts</subfield><subfield code="c">Middlesex</subfield><subfield code="d">Lowell.</subfield></datafield><datafield ind1=" " ind2=" " tag="752"><subfield code="a">United States</subfield><subfield code="b">Massachusetts</subfield><subfield code="c">Middlesex</subfield><subfield code="d">Billerica.</subfield></datafield><datafield ind1=" " ind2=" " tag="752"><subfield code="a">United States</subfield><subfield code="b">Massachusetts</subfield><subfield code="c">Middlesex</subfield><subfield code="d">Tewksbury.</subfield></datafield><datafield ind1=" " ind2=" " tag="752"><subfield code="a">United States</subfield><subfield code="b">Massachusetts</subfield><subfield code="c">Middlesex</subfield><subfield code="d">Wilmington.</subfield></datafield><datafield ind1="0" ind2="7" tag="785"><subfield code="t">Tewksbury times</subfield></datafield><datafield ind1="0" ind2="7" tag="785"><subfield code="t">Times Advertiser (Tewksbury, Mass.)</subfield><subfield code="w">(DLC)sn 89063375</subfield></datafield></record>